@inproceedings{emanuele2013textual,
	title={Textual inference and meaning representation in human robot interaction},
	author={Emanuele, Bastianelli and Castellucci, Giuseppe and Croce, Danilo and Basili, Roberto},
	booktitle={Joint Symposium on Semantic Processing.},
	pages={65},
	year={2013}
}

@inproceedings{surdeanu2003using,
	title={Using predicate-argument structures for information extraction},
	author={Surdeanu, Mihai and Harabagiu, Sanda and Williams, John and Aarseth, Paul},
	booktitle={Proceedings of the 41st Annual Meeting on Association for Computational Linguistics-Volume 1},
	pages={8--15},
	year={2003},
	organization={Association for Computational Linguistics}
}

@inproceedings{liu2010semantic,
	title={Semantic role features for machine translation},
	author={Liu, Ding and Gildea, Daniel},
	booktitle={Proceedings of the 23rd International Conference on Computational Linguistics},
	pages={716--724},
	year={2010},
	organization={Association for Computational Linguistics}
}

@inproceedings{lo2013improving,
	title={Improving machine translation by training against an automatic semantic frame based evaluation metric.},
	author={Lo, Chi-kiu and Addanki, Karteek and Saers, Markus and Wu, Dekai},
	booktitle={ACL (2)},
	pages={375--381},
	year={2013}
}

@inproceedings{shen2007using,
	title={Using Semantic Roles to Improve Question Answering.},
	author={Shen, Dan and Lapata, Mirella},
	booktitle={EMNLP-CoNLL},
	pages={12--21},
	year={2007}
}

@inproceedings{moschitti2003open,
	title={Open Domain Information Extraction via Automatic Semantic Labeling.},
	author={Moschitti, Alessandro and Morarescu, Paul and Harabagiu, Sanda M},
	booktitle={FLAIRS conference},
	pages={397--401},
	year={2003}
}

@article{gildea2002automatic,
	title={Automatic labeling of semantic roles},
	author={Gildea, Daniel and Jurafsky, Daniel},
	journal={Computational linguistics},
	volume={28},
	number={3},
	pages={245--288},
	year={2002},
	publisher={MIT Press}
}

@inproceedings{gildea2002necessity,
	title={The necessity of parsing for predicate argument recognition},
	author={Gildea, Daniel and Palmer, Martha},
	booktitle={Proceedings of the 40th Annual Meeting on Association for Computational Linguistics},
	pages={239--246},
	year={2002},
	organization={Association for Computational Linguistics}
}

@inproceedings{pradhan2005semantic,
	title={Semantic role labeling using different syntactic views},
	author={Pradhan, Sameer and Ward, Wayne and Hacioglu, Kadri and Martin, James H and Jurafsky, Daniel},
	booktitle={Proceedings of the 43rd Annual Meeting on Association for Computational Linguistics},
	pages={581--588},
	year={2005},
	organization={Association for Computational Linguistics}
}

@article{punyakanok2008importance,
	title={The importance of syntactic parsing and inference in semantic role labeling},
	author={Punyakanok, Vasin and Roth, Dan and Yih, Wen-tau},
	journal={Computational Linguistics},
	volume={34},
	number={2},
	pages={257--287},
	year={2008},
	publisher={MIT Press}
}

@inproceedings{zhou2015end,
	title={End-to-end learning of semantic role labeling using recurrent neural networks.},
	author={Zhou, Jie and Xu, Wei},
	booktitle={ACL (1)},
	pages={1127--1137},
	year={2015}
}

@article{collobert2011natural,
	title={Natural language processing (almost) from scratch},
	author={Collobert, Ronan and Weston, Jason and Bottou, L{\'e}on and Karlen, Michael and Kavukcuoglu, Koray and Kuksa, Pavel},
	journal={Journal of Machine Learning Research},
	volume={12},
	number={Aug},
	pages={2493--2537},
	year={2011}
}

@article{saeed19972003,
	title={I. 2003. Semantics},
	author={Saeed, John},
	journal={GB: Blackwell Publishing},
	year={1997}
}

@article{dowty1991thematic,
	title={Thematic proto-roles and argument selection},
	author={Dowty, David},
	journal={language},
	pages={547--619},
	year={1991},
	publisher={JSTOR}
}

@inproceedings{mikolov2013distributed,
	title={Distributed representations of words and phrases and their compositionality},
	author={Mikolov, Tomas and Sutskever, Ilya and Chen, Kai and Corrado, Greg S and Dean, Jeff},
	booktitle={Advances in neural information processing systems},
	pages={3111--3119},
	year={2013}
}
